<?xml version="1.0" encoding="UTF-8"?><collection xmlns="http://www.loc.gov/MARC21/slim"><record><leader>00364nam--2200121-i-4500</leader><controlfield tag="001">000010661</controlfield><controlfield tag="002">20161230</controlfield><controlfield tag="005">20161230201028</controlfield><controlfield tag="008">060222s1000------------r-----000-0-eng-d</controlfield><datafield ind1=" " ind2=" " tag="080"><subfield code="a">608</subfield></datafield><datafield ind1=" " ind2=" " tag="245"><subfield code="a">Clarificarea brevetelor de inventie din republ ica socialista romania</subfield></datafield><datafield ind1=" " ind2=" " tag="260"><subfield code="a">Bucuresti, Oficiul De Stat Pentru Inventii Si Marci, 1972, 1973, 189 P</subfield></datafield><datafield ind1=" " ind2=" " tag="852"><subfield code="a">37154</subfield></datafield></record></collection>